%SURVEY
@inproceedings{ihrke2010transparent,
  title={Transparent and specular object reconstruction},
  author={Ihrke, Ivo and Kutulakos, Kiriakos N and Lensch, Hendrik PA and Magnor, Marcus and Heidrich, Wolfgang},
  booktitle={Computer Graphics Forum},
  volume={29},
  number={8},
  pages={2400--2426},
  year={2010},
  organization={Wiley Online Library}
}


%DISTORTION
@inproceedings{weinmann2013multi,
	title={Multi-view normal field integration for 3d reconstruction of mirroring objects},
	author={Weinmann, Michael and Osep, Aljosa and Ruiters, Roland and Klein, Reinhard},
	booktitle={Proceedings of the IEEE international conference on computer vision},
	pages={2504--2511},
	year={2013}
}

@article{nguyen2019single,
	title={Single-shot deflectometry for dynamic 3D surface profile measurement by modified spatial-carrier frequency phase-shifting method},
	author={Nguyen, Manh The and Ghim, Young-Sik and Rhee, Hyug-Gyo},
	journal={Scientific reports},
	volume={9},
	number={1},
	pages={3157},
	year={2019},
	publisher={Nature Publishing Group}
}

@inproceedings{balzer2014cavlectometry,
	title={Cavlectometry: Towards holistic reconstruction of large mirror objects},
	author={Balzer, Jonathan and Acevedo-Feliz, Daniel and Soatto, Stefano and H{\"o}fer, Sebastian and Hadwiger, Markus and Beyerer, J{\"u}rgen},
	booktitle={2014 2nd International Conference on 3D Vision},
	volume={1},
	pages={448--455},
	year={2014},
	organization={IEEE}
}

@article{rozenfeld2010dense,
	title={Dense mirroring surface recovery from 1d homographies and sparse correspondences},
	author={Rozenfeld, Stas and Shimshoni, Ilan and Lindenbaum, Michael},
	journal={IEEE transactions on pattern analysis and machine intelligence},
	volume={33},
	number={2},
	pages={325--337},
	year={2010},
	publisher={IEEE}
}

@inproceedings{liu2013mirror,
	title={Mirror surface reconstruction from a single image},
	author={Liu, Miaomiao and Hartley, Richard and Salzmann, Mathieu},
	booktitle={Proceedings of the IEEE conference on computer vision and pattern recognition},
	pages={129--136},
	year={2013}
}

@inproceedings{yamazaki20103d,
	title={3D reconstruction of glossy surfaces using stereo cameras and projector-display},
	author={Yamazaki, Masaki and Xu, Gang},
	booktitle={2010 IEEE Computer Society Conference on Computer Vision and Pattern Recognition},
	pages={1213--1220},
	year={2010},
	organization={IEEE}
}

@inproceedings{kohler2013full,
	title={A full-spherical device for simultaneous geometry and reflectance acquisition},
	author={K{\"o}hler, Johannes and N{\"o}ll, Tobias and Reis, Gerd and Stricker, Didier},
	booktitle={2013 IEEE Workshop on Applications of Computer Vision (WACV)},
	pages={355--362},
	year={2013},
	organization={IEEE}
}

@inproceedings{han2016mirror,
	title={Mirror surface reconstruction under an uncalibrated camera},
	author={Han, Kai and Wong, Kwan-Yee K and Schnieders, Dirk and Liu, Miaomiao},
	booktitle={Proceedings of the IEEE Conference on Computer Vision and Pattern Recognition},
	pages={1772--1780},
	year={2016}
}

%SPECULARITY REFLECTANCE PROPS
@article{zhou2019non,
	title={Non-Lambertian Surface Shape and Reflectance Reconstruction Using Concentric Multi-Spectral Light Field},
	author={Zhou, Mingyuan and Ji, Yu and Ding, Yuqi and Ye, Jinwei and Young, S Susan and Yu, Jingyi},
	journal={arXiv preprint arXiv:1904.04875},
	year={2019}
}

@inproceedings{hui2017reflectance,
	title={Reflectance capture using univariate sampling of BRDFs},
	author={Hui, Zhuo and Sunkavalli, Kalyan and Lee, Joon-Young and Hadap, Sunil and Wang, Jian and Sankaranarayanan, Aswin C},
	booktitle={Proceedings of the IEEE International Conference on Computer Vision},
	pages={5362--5370},
	year={2017}
}

@inproceedings{riviere2016mobile,
	title={Mobile surface reflectometry},
	author={Riviere, J{\'e}r{\'e}my and Peers, Pieter and Ghosh, Abhijeet},
	booktitle={Computer Graphics Forum},
	volume={35},
	number={1},
	pages={191--202},
	year={2016},
	organization={Wiley Online Library}
}

@inproceedings{li2018learning,
	title={Learning to reconstruct shape and spatially-varying reflectance from a single image},
	author={Li, Zhengqin and Xu, Zexiang and Ramamoorthi, Ravi and Sunkavalli, Kalyan and Chandraker, Manmohan},
	booktitle={SIGGRAPH Asia 2018 Technical Papers},
	pages={269},
	year={2018},
	organization={ACM}
}

@article{zheng2000acquiring,
	title={Acquiring a complete 3D model from specular motion under the illumination of circular-shaped light sources},
	author={Zheng, Jiang Yu and Murata, Akio},
	journal={IEEE Transactions on Pattern Analysis and Machine Intelligence},
	volume={22},
	number={8},
	pages={913--920},
	year={2000},
	publisher={IEEE}
}

@inproceedings{nayar2012diffuse,
	title={Diffuse structured light},
	author={Nayar, Shree K and Gupta, Mohit},
	booktitle={2012 IEEE International Conference on Computational Photography (ICCP)},
	pages={1--11},
	year={2012},
	organization={IEEE}
}

@inproceedings{wang2016svbrdf,
	title={SVBRDF-invariant shape and reflectance estimation from light-field cameras},
	author={Wang, Ting-Chun and Chandraker, Manmohan and Efros, Alexei A and Ramamoorthi, Ravi},
	booktitle={Proceedings of the IEEE Conference on Computer Vision and Pattern Recognition},
	pages={5451--5459},
	year={2016}
}

@inproceedings{godard2015multi,
	title={Multi-view reconstruction of highly specular surfaces in uncontrolled environments},
	author={Godard, Clement and Hedman, Peter and Li, Wenbin and Brostow, Gabriel J},
	booktitle={2015 International Conference on 3D Vision},
	pages={19--27},
	year={2015},
	organization={IEEE}
}

@article{ngo2019reflectance,
	title={Reflectance and shape estimation with a light field camera under natural illumination},
	author={Ngo, Thanh-Trung and Nagahara, Hajime and Nishino, Ko and Taniguchi, Rin-ichiro and Yagi, Yasushi},
	journal={International Journal of Computer Vision},
	pages={1--16},
	year={2019},
	publisher={Springer}
}

@inproceedings{nam2018practical,
	title={Practical SVBRDF acquisition of 3D objects with unstructured flash photography},
	author={Nam, Giljoo and Lee, Joo Ho and Gutierrez, Diego and Kim, Min H},
	booktitle={SIGGRAPH Asia 2018 Technical Papers},
	pages={267},
	year={2018},
	organization={ACM}
}

@inproceedings{tappen2011recovering,
	title={Recovering shape from a single image of a mirrored surface from curvature constraints},
	author={Tappen, Marshall F},
	booktitle={CVPR 2011},
	pages={2545--2552},
	year={2011},
	organization={IEEE}
}

@article{netz2012recognition,
	title={Recognition using specular highlights},
	author={Netz, Aaron and Osadchy, Margarita},
	journal={IEEE transactions on pattern analysis and machine intelligence},
	volume={35},
	number={3},
	pages={639--652},
	year={2012},
	publisher={IEEE}
}

@inproceedings{sankaranarayanan2010specular,
	title={Specular surface reconstruction from sparse reflection correspondences},
	author={Sankaranarayanan, Aswin C and Veeraraghavan, Ashok and Tuzel, Oncel and Agrawal, Amit},
	booktitle={2010 IEEE Computer Society Conference on Computer Vision and Pattern Recognition},
	pages={1245--1252},
	year={2010},
	organization={IEEE}
}

@inproceedings{chen2017microfacet,
	title={A microfacet-based reflectance model for photometric stereo with highly specular surfaces},
	author={Chen, Lixiong and Zheng, Yinqiang and Shi, Boxin and Subpa-Asa, Art and Sato, Imari},
	booktitle={Proceedings of the IEEE International Conference on Computer Vision},
	pages={3162--3170},
	year={2017}
}
@article{xia2016recovering,
	title={Recovering shape and spatially-varying surface reflectance under unknown illumination},
	author={Xia, Rui and Dong, Yue and Peers, Pieter and Tong, Xin},
	journal={ACM Transactions on Graphics (TOG)},
	volume={35},
	number={6},
	pages={187},
	year={2016},
	publisher={ACM}
}

@article{dong2014appearance,
	title={Appearance-from-motion: Recovering spatially varying surface reflectance under unknown lighting},
	author={Dong, Yue and Chen, Guojun and Peers, Pieter and Zhang, Jiawan and Tong, Xin},
	journal={ACM Transactions on Graphics (TOG)},
	volume={33},
	number={6},
	pages={193},
	year={2014},
	publisher={ACM}
}

@inproceedings{johnson2011microgeometry,
	title={Microgeometry capture using an elastomeric sensor},
	author={Johnson, Micah K and Cole, Forrester and Raj, Alvin and Adelson, Edward H},
	booktitle={ACM Transactions on Graphics (TOG)},
	volume={30},
	number={4},
	pages={46},
	year={2011},
	organization={ACM}
}
%RAY/SLICE MEASUREMENTS
@inproceedings{ye2012angular,
	title={Angular domain reconstruction of dynamic 3d fluid surfaces},
	author={Ye, Jinwei and Ji, Yu and Li, Feng and Yu, Jingyi},
	booktitle={2012 IEEE Conference on Computer Vision and Pattern Recognition},
	pages={310--317},
	year={2012},
	organization={IEEE}
}

@inproceedings{tin20163d,
	title={3D reconstruction of mirror-type objects using efficient ray coding},
	author={Tin, Siu-Kei and Ye, Jinwei and Nezamabadi, Mahdi and Chen, Can},
	booktitle={2016 IEEE International Conference on Computational Photography (ICCP)},
	pages={1--11},
	year={2016},
	organization={IEEE}
}


%POLARIZATION
@inproceedings{lu2019mirror,
  title={Mirror Surface Reconstruction Using Polarization Field},
  author={Lu, Jie and Ji, Yu and Yu, Jingyi and Ye, Jinwei},
  booktitle={2019 IEEE International Conference on Computational Photography (ICCP)},
  pages={1--9},
  year={2019},
  organization={IEEE}
}

@article{ba2019physics,
	title={Physics-based Neural Networks for Shape from Polarization},
	author={Ba, Yunhao and Chen, Rui and Wang, Yiqin and Yan, Lei and Shi, Boxin and Kadambi, Achuta},
	journal={arXiv preprint arXiv:1903.10210},
	year={2019}
}
@inproceedings{jospin2018embedded,
	title={Embedded polarizing filters to separate diffuse and specular reflection},
	author={Jospin, Laurent Valentin and Baechler, Gilles and Scholefield, Adam},
	booktitle={Asian Conference on Computer Vision},
	pages={3--18},
	year={2018},
	organization={Springer}
}
%OTHERS
@article{bajard2012three,
  title={Three-dimensional scanning of specular and diffuse metallic surfaces using an infrared technique},
  author={Bajard, Alban and Aubreton, Olivier and Bokhabrine, Youssef and Verney, Benjamin and Truchetet, Fr{\'e}d{\'e}ric and Eren, G{\"o}nen and Er{\c{c}}il, Aytul},
  journal={Optical Engineering},
  volume={51},
  number={6},
  pages={063603},
  year={2012},
  publisher={International Society for Optics and Photonics}
}

@inproceedings{lombardi2016radiometric,
	title={Radiometric scene decomposition: Scene reflectance, illumination, and geometry from rgb-d images},
	author={Lombardi, Stephen and Nishino, Ko},
	booktitle={2016 Fourth International Conference on 3D Vision (3DV)},
	pages={305--313},
	year={2016},
	organization={IEEE}
}

@inproceedings{veeraraghavan2010image,
	title={Image invariants for smooth reflective surfaces},
	author={Veeraraghavan, Ashok and Tuzel, Oncel and Agrawal, Amit and others},
	booktitle={European Conference on Computer Vision},
	pages={237--250},
	year={2010},
	organization={Springer}
}

@inproceedings{shroff2011finding,
	title={Finding a needle in a specular haystack},
	author={Shroff, Nitesh and Taguchi, Yuichi and Tuzel, Oncel and Veeraraghavan, Ashok and Ramalingam, Srikumar and Okuda, Haruhisa},
	booktitle={2011 IEEE International Conference on Robotics and Automation},
	pages={5963--5970},
	year={2011},
	organization={IEEE}
}

%BRDFs and Datasets
@inproceedings{shi2016benchmark,
	title={A benchmark dataset and evaluation for non-lambertian and uncalibrated photometric stereo},
	author={Shi, Boxin and Wu, Zhe and Mo, Zhipeng and Duan, Dinglong and Yeung, Sai-Kit and Tan, Ping},
	booktitle={Proceedings of the IEEE Conference on Computer Vision and Pattern Recognition},
	pages={3707--3716},
	year={2016}
}

@article{tunwattanapong2013acquiring,
	title={Acquiring reflectance and shape from continuous spherical harmonic illumination},
	author={Tunwattanapong, Borom and Fyffe, Graham and Graham, Paul and Busch, Jay and Yu, Xueming and Ghosh, Abhijeet and Debevec, Paul},
	journal={ACM Transactions on graphics (TOG)},
	volume={32},
	number={4},
	pages={109},
	year={2013},
	publisher={ACM}
}

@article{chen2014reflectance,
	title={Reflectance scanning: estimating shading frame and BRDF with generalized linear light sources},
	author={Chen, Guojun and Dong, Yue and Peers, Pieter and Zhang, Jiawan and Tong, Xin},
	journal={ACM Transactions on Graphics (TOG)},
	volume={33},
	number={4},
	pages={117},
	year={2014},
	publisher={ACM}
}

@article{ashikhmin2000opic,
	title={An anisotropic phong BRDF model},
	author={Ashikhmin, Michael and Shirley, Peter},
	journal={Journal of graphics tools},
	volume={5},
	number={2},
	pages={25--32},
	year={2000},
	publisher={Taylor \& Francis}
}

@inproceedings{li2017robust,
	title={Robust energy minimization for brdf-invariant shape from light fields},
	author={Li, Zhengqin and Xu, Zexiang and Ramamoorthi, Ravi and Chandraker, Manmohan},
	booktitle={Proceedings of the IEEE Conference on Computer Vision and Pattern Recognition},
	pages={5571--5579},
	year={2017}
}

@inproceedings{gutsche2017surface,
	title={Surface normal reconstruction from specular information in light field data},
	author={Gutsche, Marcel and Schilling, Hendrik and Diebold, Maximilian and Garbe, Christoph},
	booktitle={Proceedings of the IEEE Conference on Computer Vision and Pattern Recognition Workshops},
	pages={22--29},
	year={2017}
}

@inproceedings{wang2008modeling,
	title={Modeling anisotropic surface reflectance with example-based microfacet synthesis},
	author={Wang, Jiaping and Zhao, Shuang and Tong, Xin and Snyder, John and Guo, Baining},
	booktitle={ACM Transactions on Graphics (TOG)},
	volume={27},
	number={3},
	pages={41},
	year={2008},
	organization={ACM}
}

@article{xu2013anisotropic,
	title={Anisotropic spherical gaussians},
	author={Xu, Kun and Sun, Wei-Lun and Dong, Zhao and Zhao, Dan-Yong and Wu, Run-Dong and Hu, Shi-Min},
	journal={ACM Transactions on Graphics (TOG)},
	volume={32},
	number={6},
	pages={209},
	year={2013},
	publisher={ACM}
}

@article{yan2016position,
	title={Position-normal distributions for efficient rendering of specular microstructure},
	author={Yan, Ling-Qi and Ha{\v{s}}an, Milo{\v{s}} and Marschner, Steve and Ramamoorthi, Ravi},
	journal={ACM Transactions on Graphics (TOG)},
	volume={35},
	number={4},
	pages={56},
	year={2016},
	publisher={ACM}
}

@article{yan2018rendering,
	title={Rendering specular microgeometry with wave optics},
	author={Yan, Ling-Qi and Ha{\v{s}}an, Milo{\v{s}} and Walter, Bruce and Marschner, Steve and Ramamoorthi, Ravi},
	journal={ACM Transactions on Graphics (TOG)},
	volume={37},
	number={4},
	pages={75},
	year={2018},
	publisher={ACM}
}

@article{raymond2016multi,
	title={Multi-scale rendering of scratched materials using a structured SV-BRDF model},
	author={Raymond, Boris and Guennebaud, Gael and Barla, Pascal},
	journal={ACM Transactions on Graphics (TOG)},
	volume={35},
	number={4},
	pages={57},
	year={2016},
	publisher={ACM}
}

@inproceedings{lee2018practical,
	title={Practical multiple scattering for rough surfaces},
	author={Lee, Joo Ho and Jarabo, Adrian and Jeon, Daniel S and Gutierrez, Diego and Kim, Min H},
	booktitle={SIGGRAPH Asia 2018 Technical Papers},
	pages={275},
	year={2018},
	organization={ACM}
}

@article{heitz2015sggx,
	title={The SGGX microflake distribution},
	author={Heitz, Eric and Dupuy, Jonathan and Crassin, Cyril and Dachsbacher, Carsten},
	journal={ACM Transactions on Graphics (TOG)},
	volume={34},
	number={4},
	pages={48},
	year={2015},
	publisher={ACM}
}

@inproceedings{guarnera2016brdf,
	title={BRDF representation and acquisition},
	author={Guarnera, Darya and Guarnera, Giuseppe Claudio and Ghosh, Abhijeet and Denk, Cornelia and Glencross, Mashhuda},
	booktitle={Computer Graphics Forum},
	volume={35},
	number={2},
	pages={625--650},
	year={2016},
	organization={Wiley Online Library}
}

%TIME OF FLIGHT
@article{jarabo2017recent,
	title={Recent advances in transient imaging: A computer graphics and vision perspective},
	author={Jarabo, Adrian and Masia, Belen and Marco, Julio and Gutierrez, Diego},
	journal={Visual Informatics},
	volume={1},
	number={1},
	pages={65--79},
	year={2017},
	publisher={Elsevier}
}